<record xmlns:xsi="http://www.w3.org/2001/XMLSchema-instance" xmlns="http://www.loc.gov/MARC21/slim" xsi:schemaLocation="http://www.loc.gov/MARC21/slim http://www.loc.gov/standards/marcxml/schema/MARC21slim.xsd">

  <leader>00565nam a2200169   4500</leader>
  <controlfield tag="008">161011b2015    mx ||||| |||| 00| | spa d</controlfield>
  <datafield ind1=" " tag="020" ind2=" ">
    <subfield code="a">9786010271656</subfield>
  </datafield>
  <datafield ind2=" " tag="090" ind1=" ">
    <subfield code="a">05.01.01</subfield>
    <subfield code="b">2390</subfield>
  </datafield>
  <datafield ind2=" " ind1="1" tag="100">
    <subfield code="9">2067</subfield>
    <subfield code="a">Guevara Ruiseñor, Elsa S.</subfield>
  </datafield>
  <datafield ind2="0" ind1="1" tag="245">
    <subfield code="a">Ellas cambiaron la psicología: un abordaje interdisciplinario desde género y ciencia /</subfield>
    <subfield code="c">Elsa S. Guevara Ruiseñor</subfield>
  </datafield>
  <datafield tag="260" ind1=" " ind2=" ">
    <subfield code="a">México :</subfield>
    <subfield code="b">Universidad Nacional Autónoma de México,</subfield>
    <subfield code="c">2015</subfield>
  </datafield>
  <datafield tag="300" ind1=" " ind2=" ">
    <subfield code="a">263 páginas</subfield>
  </datafield>
  <datafield ind1="1" tag="650" ind2="4">
    <subfield code="9">657</subfield>
    <subfield code="a">PSICOLOGÍA</subfield>
  </datafield>
  <datafield tag="650" ind1="1" ind2="4">
    <subfield code="9">55</subfield>
    <subfield code="a">MUJERES</subfield>
  </datafield>
  <datafield ind2="4" tag="650" ind1="1">
    <subfield code="9">890</subfield>
    <subfield code="a">CIENCIA</subfield>
  </datafield>
  <datafield ind2=" " tag="942" ind1=" ">
    <subfield code="2">z</subfield>
    <subfield code="c">01</subfield>
  </datafield>
  <datafield ind2=" " tag="999" ind1=" ">
    <subfield code="c">3337</subfield>
    <subfield code="d">3337</subfield>
  </datafield>
</record>